<?xml version="1.0" encoding="UTF-8"?><collection xmlns="http://www.loc.gov/MARC21/slim"><record><leader>00480nam--2200145-i-4500</leader><controlfield tag="001">000041595</controlfield><controlfield tag="002">20161230</controlfield><controlfield tag="005">20161230201043</controlfield><controlfield tag="008">060222s1000------------r-----000-0-eng-d</controlfield><datafield ind1=" " ind2=" " tag="080"><subfield code="a">621.38:621.396:621.397</subfield></datafield><datafield ind1=" " ind2=" " tag="100"><subfield code="a">Silisteanu,Mihai Si Presura,Ion</subfield></datafield><datafield ind1=" " ind2=" " tag="245"><subfield code="a">Scheme de televizoare,magnetofoane,picupuri. vol.11:magnetofoane,kpicupuri</subfield></datafield><datafield ind1=" " ind2=" " tag="260"><subfield code="a">Bucuresti, Ed.Tehnica, 1976.186 P</subfield></datafield><datafield ind1=" " ind2=" " tag="490"><subfield code="a">Seria Practica, Automatica, Informatica, Electronica, Management</subfield></datafield><datafield ind1=" " ind2=" " tag="852"><subfield code="a">43269</subfield></datafield></record></collection>